%% This BibTeX bibliography file was created using BibDesk.
%% http://bibdesk.sourceforge.net/


%% Created for nilsw at 2014-04-30 10:39:52 +0200 


%% Saved with string encoding Unicode (UTF-8) 



@article{buhaug08disaggregating,
	Author = {Buhaug, Halvard and Cederman, Lars-Erik and R{\o}d, Jan Ketil},
	Date-Added = {2014-02-10 09:58:56 +0000},
	Date-Modified = {2014-02-10 09:58:56 +0000},
	Journal = {International Organization},
	Number = 3,
	Pages = {531-551},
	Title = {Disaggregating Ethnic Conflict: A Dyadic Model of Exclusion Theory},
	Volume = 62,
	Year = 2008}

@article{buhaug06localdeterminants,
	Author = {Buhaug, Halvard and R{\o}d, Jan Ketil},
	Date-Added = {2014-02-10 09:58:49 +0000},
	Date-Modified = {2014-02-10 09:58:49 +0000},
	Journal = {Political Geography},
	Number = 3,
	Pages = {315-335},
	Title = {Local Determinants of African Civil Wars, 1970-2001},
	Volume = 25,
	Year = 2006}

@article{kalyvas04urban,
	Author = {Kalyvas, Stathis N.},
	Date-Added = {2014-02-05 14:28:34 +0000},
	Date-Modified = {2014-02-05 14:28:34 +0000},
	Journal = {Security Studies},
	Number = {3},
	Pages = {160-190},
	Title = {The Urban Bias in Research on Civil Wars},
	Volume = {13},
	Year = {2004}}

@article{eck12ged,
	Author = {Kristine Eck},
	Date-Added = {2014-02-04 14:39:05 +0000},
	Date-Modified = {2014-02-04 14:39:41 +0000},
	Journal = {Cooperation and Conflict},
	Number = {47},
	Pages = {124},
	Title = {In Data we Trust: A Comparison of UCDP GED and ACLED Conflict Events Datasets},
	Year = {2012}}

@article{woolley00media,
	Author = {Woolley, John T},
	Date-Added = {2014-02-04 13:44:20 +0000},
	Date-Modified = {2014-02-04 13:47:20 +0000},
	Journal = {American Journal of Political Science},
	Number = {1},
	Pages = {156-173},
	Title = {Using Media-Based Data in Studies of Politics},
	Volume = {44},
	Year = {2000}}

@article{franzosi87media,
	Author = {Franzosi, Roberto},
	Date-Added = {2014-02-04 13:42:53 +0000},
	Date-Modified = {2014-02-04 13:43:41 +0000},
	Journal = {Historical Methods},
	Number = {1},
	Title = {The Press as a Source of Socio-Historical Data: Issues in the Methodology of Data Collection from Newspapers},
	Volume = {20},
	Year = {1987}}

@article{schrodt94keds,
	Author = {Schrodt, Philip A. and Davis, Shannon G. and Weddle, Judith L.},
	Date-Added = {2014-02-04 13:00:39 +0000},
	Date-Modified = {2014-02-04 13:01:51 +0000},
	Journal = {Social Science Computer Review},
	Number = {4},
	Pages = {561-587},
	Title = {Political Science: KEDS - A Program for the Machine Coding of Event Data},
	Volume = {12},
	Year = {1994}}

@article{snyder77media,
	Author = {Snyder, David and Kelly, William R.},
	Date-Added = {2014-02-03 12:13:05 +0000},
	Date-Modified = {2014-02-03 12:14:01 +0000},
	Journal = {American Sociological Review},
	Month = {February},
	Pages = {105-123},
	Title = {Conflict Intensit, Media Sensitivity, and the Validity of Newspaper Data},
	Volume = {42},
	Year = {1977}}

@article{best13tabari,
	Author = {Best, Rebecca H. and Carpino, Christine and Crescenzi, Mark J. C.},
	Date-Added = {2014-02-03 12:06:26 +0000},
	Date-Modified = {2014-02-03 12:08:33 +0000},
	Journal = {Conflict Management and Peace Science},
	Number = {30},
	Pages = {335},
	Title = {An Analysis of the TABARI Coding System},
	Year = {2013},
	Bdsk-File-1 = {YnBsaXN0MDDUAQIDBAUGJCVYJHZlcnNpb25YJG9iamVjdHNZJGFyY2hpdmVyVCR0b3ASAAGGoKgHCBMUFRYaIVUkbnVsbNMJCgsMDxJXTlMua2V5c1pOUy5vYmplY3RzViRjbGFzc6INDoACgAOiEBGABIAFgAdccmVsYXRpdmVQYXRoWWFsaWFzRGF0YV8Qby4uLy4uL1NwaWRlck9hayBIaXZlL1Byb3NwZWN0dXMvU291cmNlcy9NYWNoaW5lLWNvZGluZyBldmVudCBkYXRhL0Jlc3QgZXQgYWwgLSBUQUJBUkkgY29kaW5nIGxlYWQgc2VudGVuY2VzLnBkZtIXCxgZV05TLmRhdGFPEQJqAAAAAAJqAAIAAAxNYWNpbnRvc2ggSEQAAAAAAAAAAAAAAAAAAADOFE0ySCsAAAAWAs8fQmVzdCBldCBhbCAtIFRBQkFSSSAjRURDNUM1LnBkZgAAAAAAAAAAAAAAAAAAAAAAAAAAAAAAAAAAAAAAAAAAAO3Fxc8NjoIAAAAAAAAAAAACAAUAAAkgAAAAAAAAAAAAAAAAAAAAGU1hY2hpbmUtY29kaW5nIGV2ZW50IGRhdGEAABAACAAAzhQxEgAAABEACAAAzw2AcgAAAAEAGAAWAs8AFgLJABYCxAAPjVEABcF9AAISKQACAHhNYWNpbnRvc2ggSEQ6VXNlcnM6AGpyaDoAU3BpZGVyT2FrIEhpdmU6AFByb3NwZWN0dXM6AFNvdXJjZXM6AE1hY2hpbmUtY29kaW5nIGV2ZW50IGRhdGE6AEJlc3QgZXQgYWwgLSBUQUJBUkkgI0VEQzVDNS5wZGYADgBcAC0AQgBlAHMAdAAgAGUAdAAgAGEAbAAgAC0AIABUAEEAQgBBAFIASQAgAGMAbwBkAGkAbgBnACAAbABlAGEAZAAgAHMAZQBuAHQAZQBuAGMAZQBzAC4AcABkAGYADwAaAAwATQBhAGMAaQBuAHQAbwBzAGgAIABIAEQAEgBzVXNlcnMvanJoL1NwaWRlck9hayBIaXZlL1Byb3NwZWN0dXMvU291cmNlcy9NYWNoaW5lLWNvZGluZyBldmVudCBkYXRhL0Jlc3QgZXQgYWwgLSBUQUJBUkkgY29kaW5nIGxlYWQgc2VudGVuY2VzLnBkZgAAEwABLwAAFQACAAr//wAAgAbSGxwdHlokY2xhc3NuYW1lWCRjbGFzc2VzXU5TTXV0YWJsZURhdGGjHR8gVk5TRGF0YVhOU09iamVjdNIbHCIjXE5TRGljdGlvbmFyeaIiIF8QD05TS2V5ZWRBcmNoaXZlctEmJ1Ryb290gAEACAARABoAIwAtADIANwBAAEYATQBVAGAAZwBqAGwAbgBxAHMAdQB3AIQAjgEAAQUBDQN7A30DggONA5YDpAOoA68DuAO9A8oDzQPfA+ID5wAAAAAAAAIBAAAAAAAAACgAAAAAAAAAAAAAAAAAAAPp}}

@article{earl04use,
	Author = {Earl, Jennifer and Martin, Andrew and McCarthy, John D. and Soule, Sarah A.},
	Date-Added = {2013-12-23 19:50:52 +0000},
	Date-Modified = {2013-12-23 19:50:52 +0000},
	Journal = {Annual Review of Sociology},
	Pages = {65-80},
	Title = {The Use of Newspaper Data in the Study of Collective Action},
	Volume = {30},
	Year = {2004}}

@article{galtung65structure,
	Author = {Galtung, Johan and Holmboe Ruge, Mari},
	Date-Added = {2013-12-23 19:50:38 +0000},
	Date-Modified = {2013-12-23 19:50:38 +0000},
	Journal = {Journal of Peace Research},
	Number = {1},
	Pages = {64-91},
	Title = {The Structure of Foreign News: The Presentation of the Congo, Cuba and Cyprus Crises in Four Norwegian Newspapers},
	Volume = {2},
	Year = {1965}}

@article{tollefsen12priogrid,
	Author = {Tollefsen, Andreas For{\o} and Strand, H{\aa}vard and Buhaug, Halvard},
	Date-Added = {2013-12-22 19:15:59 +0000},
	Date-Modified = {2013-12-22 19:15:59 +0000},
	Journal = {Journal of Peace Research},
	Number = {2},
	Pages = {363--374},
	Title = {PRIO-GRID: A Unified Spatial Data Structure},
	Volume = {49},
	Year = {2012}}

@article{themner13armed,
	Author = {Themn{\'e}r, Lotta and Wallensteen, Peter},
	Date-Added = {2013-12-22 19:04:46 +0000},
	Date-Modified = {2013-12-22 19:04:46 +0000},
	Journal = {Journal of Peace Research},
	Number = {4},
	Pages = {509-521},
	Title = {Armed Conflicts, 1946-2012},
	Volume = {50},
	Year = {2013}}

@article{gerner94machine,
	Author = {Gerner, Deborah J. and Schrodt, Philip A. and Francisco, Ronald A. and Weddle, Judith L.},
	Date-Added = {2013-12-22 18:47:47 +0000},
	Date-Modified = {2013-12-22 18:47:47 +0000},
	Journal = {International Studies Quarterly},
	Pages = {91-119},
	Title = {Machine Coding of Event Data Using Regional and International Sources},
	Year = {1994}}

@misc{ward13comparing,
	Author = {Ward, Michael D. and Beger, Andreas and Cutler, Josh and Dickenson, Matthew and Dorff, Cassy and Radford, Ben},
	Date-Added = {2013-12-17 13:50:41 +0000},
	Date-Modified = {2013-12-17 13:51:55 +0000},
	Howpublished = {Working paper, Duke University},
	Note = {Available at \url{http://mdwardlab.com/sites/default/files/GDELTICEWS_0.pdf}},
	Title = {Comparing GDELT and ICEWS Event Data},
	Year = {2013}}

@misc{arva13improving,
	Author = {Arva, John and Beieler, John and Fisher, Ben and Lara, Gustavo and Schrodt, Philip A. and Song, Wonjun and Sowell, Marsha and Stehle, Sam},
	Date-Added = {2013-12-17 13:34:10 +0000},
	Date-Modified = {2013-12-17 13:35:48 +0000},
	Howpublished = {Paper prepared for the Annual Meeting of the European Political Science Associaten},
	Title = {Improving Forecasts of International Events of Interest},
	Year = {2013}}

@article{azar80conflict,
	Author = {Azar, Edward E.},
	Date-Added = {2013-12-17 10:28:46 +0000},
	Date-Modified = {2013-12-17 10:29:12 +0000},
	Journal = {Journal of Conflict Resolution},
	Number = {1},
	Pages = {143-152},
	Title = {The Conflict and Peace Data Bank (COPDAB) Project},
	Volume = {24},
	Year = {1980}}

@article{salehyan12social,
	Author = {Salehyan, Idean and Hendrix, Cullen S. and Hamner, Jesse and Case, Christina and Linebarger, Christopher and Stull, Emily and Williams, Jennifer},
	Date-Added = {2013-12-16 14:26:10 +0000},
	Date-Modified = {2013-12-16 14:26:52 +0000},
	Journal = {International Interactions},
	Number = {4},
	Pages = {503-511},
	Title = {Social Conflict in Africa: A New Database},
	Volume = {38},
	Year = {2012}}

@article{sundberg13introducing,
	Author = {Sundberg, Ralph and Melander, Erik},
	Date-Added = {2013-12-16 14:22:31 +0000},
	Date-Modified = {2013-12-16 14:22:56 +0000},
	Journal = {Journal of Peace Research},
	Number = {4},
	Pages = {523-532},
	Title = {Introducing the UCDP Georeferenced Event Dataset},
	Volume = {50},
	Year = {2013}}

@misc{mcclelland71world,
	Author = {McClelland, Charles},
	Date-Added = {2013-12-16 14:00:37 +0000},
	Date-Modified = {2013-12-16 14:01:52 +0000},
	Howpublished = {Codebook},
	Title = {World Event/Interaction Survey},
	Year = {1976}}

@misc{gerner02cameo,
	Author = {Gerner, Deborah and Schrodt, Philip and Yilmaz, Omur and Abu-Jabr, Rajaa},
	Date-Added = {2013-12-23 15:36:58 +0000},
	Date-Modified = {2013-12-23 15:39:58 +0000},
	Howpublished = {Paper prepared for the Annual Meeting of the American Political Science Association},
	Title = {The Creation of CAMEO (Conflict and Mediation Event Observations): An Event Data Framework for a Post Cold War World},
	Year = {2002}}

@misc{leetaru13gdelt,
	Author = {Leetaru, Kaleev and Schrodt, Philip A.},
	Date-Added = {2013-10-31 15:36:58 +0000},
	Date-Modified = {2013-10-31 15:39:58 +0000},
	Howpublished = {Paper prepared for the International Studies Association Annual Conference, San Francisco, CA},
	Title = {GDELT: Global Data on Events, Language, and Tone, 1979-2012},
	Year = {2013}}

@article{weidmann15accuracy,
	Author = {Weidmann, Nils B.},
	Date-Added = {2013-10-30 10:19:21 +0000},
	Date-Modified = {2014-04-30 08:38:47 +0000},
	Journal = {Journal of Conflict Resolution},
	Note = {Forthcoming},
	Title = {On the Accuracy of Media-based Conflict Event Data},
	Year = {2015}}

@article{schrodt94validity,
	Author = {Schrodt, Philip A. and Gerner, Deborah J.},
	Date-Added = {2013-02-21 19:03:44 +0000},
	Date-Modified = {2013-02-21 19:04:34 +0000},
	Journal = {American Journal of Political Science},
	Pages = {825-854},
	Title = {Validity Assessment of a Machine-coded Event Data Set for the Middle East, 1982-92},
	Year = {1994}}

@article{kalyvas12micro,
	Author = {Kalyvas, Stathis N.},
	Date-Added = {2012-12-20 15:53:55 +0000},
	Date-Modified = {2012-12-20 15:54:20 +0000},
	Journal = {Terrorism and Political Violence},
	Number = {4},
	Pages = {658-668},
	Title = {Micro-Level Studies of Violence in Civil War: Refining and Extending the Control-Collaboration Model},
	Volume = {24},
	Year = {2012}}

@article{gleditsch12richardson,
	Author = {Gleditsch, Kristian Skrede and Weidmann, Nils B.},
	Date-Added = {2012-01-31 08:45:12 +0000},
	Date-Modified = {2012-01-31 08:45:12 +0000},
	Journal = {Annual Review of Political Science},
	Number = {1},
	Title = {Richardson in the Information Age: Geographic Information Systems and Spatial Data in International Studies},
	Volume = {15},
	Year = {2012},
	Bdsk-Url-1 = {http://www.annualreviews.org/doi/abs/10.1146/annurev-polisci-031710-112604},
	Bdsk-Url-2 = {http://dx.doi.org/10.1146/annurev-polisci-031710-112604}}

@article{weidmann10predicting,
	Author = {Weidmann, Nils B. and Ward, Michael D.},
	Date-Added = {2011-01-27 14:05:51 -0500},
	Date-Modified = {2011-01-27 14:07:32 -0500},
	Journal = {Journal of Conflict Resolution},
	Number = {6},
	Pages = {883-901},
	Title = {Predicting Conflict in Space and Time},
	Volume = {54},
	Year = {2010}}

@article{raleigh09population,
	Author = {Raleigh, Clionadh and Hegre, H{\aa}vard},
	Journal = {Political Geography},
	Number = 4,
	Pages = {224-238},
	Title = {Population Size, Concentration and Civil War: A Geographically Disaggregated Analysis},
	Volume = 28,
	Year = 2009}

@article{raleigh10acled,
	Author = {Raleigh, Clionadh and Linke, Andrew and Hegre, H{\aa}vard and Karlsen, Joakim},
	Date-Modified = {2011-01-28 15:50:29 -0500},
	Journal = {Journal of Peace Research},
	Number = {5},
	Pages = {651-660},
	Title = {Introducing ACLED: An Armed Conflict Location and Event Dataset},
	Volume = {47},
	Year = 2010}
